@article{Brumley,
  author          = {D.R. Brumley and T.J. Pedley},
  journal         = {American Physical Society},
  volume          = {4},
  number          = {053102},
  title           = {Stability of arrays of bottom-heavy spherical squirmers},
  year            = {2019}
}

@article{Lauga,
  author          = {Théry A., Maaß C.C. and Lauga E.},
  journal         = {Royal Society Open Science},
  number          = {230223},
  volume          = {10},
  title           = {Hydrodynamic interactions between squirmers near walls: far-field dynamics and near-field cluster stability},
  year            = {2023},
  doi             = {https://doi.org/10.1098/rsos.230223},
}

@misc{Wikipedia,
    author       = {{Wikipédia}},
    title        = {{Squirmer}},
    howpublished = {\url{https://en.wikipedia.org/wiki/Squirmer}},
    year         = {2022}
}

@misc{Stokes,
    author       = {{Wikipédia}},
    title        = {{Stokes' law}},
    howpublished = {\url{https://en.wikipedia.org/wiki/Stokes%27_law}},
    year         = {2024}
}

@misc{Newton,
    author       = {{Wikipédia}},
    title        = {{Newton's laws of motion}},
    howpublished = {\url{https://en.wikipedia.org/wiki/Newton%27s_laws_of_motion}},
    year         = {2024}
}

@article{Stark,
  author          = {Miloš Knežević, Till Welker and Holger Stark},
  journal         = {Scientific Reports},
  title           = {Collective motion of active particles exhibiting non reciprocal orientational interactions},
  year            = {2022}
}

@misc{Nemov10,
  author          = {Giraldi Laetitia, Binois Mickael, Monasse Laurent and Prud'Homme Christophe and Regnier Stéphane},
  title           = {NEMO},
  year            = {2024}
}